<?xml version="1.0" encoding="UTF-8" ?>
<collection xmlns:xsi="http://www.w3.org/2001/XMLSchema-instance"
    xsi:schemaLocation="http://www.loc.gov/MARC21/slim
        http://www.loc.gov/standards/marcxml/schema/MARC21slim.xsd"
    xmlns="http://www.loc.gov/MARC21/slim">
<record>
  <leader>00262cam a2200505 i 4500</leader>
  <controlfield tag="001">b12344436</controlfield>
  <controlfield tag="003">LeBAU</controlfield>
  <controlfield tag="005">20140311</controlfield>
  <controlfield tag="008">970211s1931    sy afh        ||0 0 ara d</controlfield>
  <datafield tag="035" ind1=" " ind2=" ">
    <subfield code="a">ocn784218292</subfield>
  </datafield>
  <datafield tag="040" ind1=" " ind2=" ">
    <subfield code="a">LEAUB</subfield>
    <subfield code="b">ara</subfield>
    <subfield code="e">rda</subfield>
    <subfield code="c">LEAUB</subfield>
    <subfield code="d">LEAUB</subfield>
  </datafield>
  <datafield tag="082" ind1="0" ind2="4">
    <subfield code="a">297.124</subfield>
    <subfield code="2">22</subfield>
  </datafield>
  <datafield tag="100" ind1="1" ind2=" ">
    <subfield code="6">880-01</subfield>
    <subfield code="a">Ibn al-Ṣalāḥ al-Shahrazūrī, ʻUthmān ibn ʻAbd al-Raḥmān,</subfield>
    <subfield code="d">1181 or 1182-1245,</subfield>
    <subfield code="e">author.</subfield>
  </datafield>
  <datafield tag="245" ind1="1" ind2="0">
    <subfield code="6">880-02</subfield>
    <subfield code="a">ʻUlūm al-ḥadīth :</subfield>
    <subfield code="b">al-maʻrūf bi-Muqaddimat Ibn al-Ṣalāḥ /</subfield>
    <subfield code="c">lil-imām al-ḥāfiẓ Abī ʻAmrū ʻUthmān ibn ʻAbd al-Raḥmān al-mashhūr bi-Ibn al-Ṣalāh al-mutawaffá sanat 643̣. Wa-sharḥuhu al-Taqyīd wa-al-īḍāḥ li-mā uṭliqa wa-ughliqa min Muqaddimat Ibn al-Ṣalāḥ / li-shaykh al-Islām al-ḥāfiẓ Zayn al-Dīn ʻAbd al-Raḥīm ibn al-Ḥusayn al-ʻIrāqī al-mutawaffá sanat 806. Wa-taʻlīqāt ʻalayhi fī al-dhayl li-nāshir al-kitābayn Muḥammad Rāghib al-Ṭabbākh al-Ḥalabī sammāhā̄ al-Miṣbāḥ ʻalá Muqaddimat Ibn al-Ṣalāḥ.</subfield>
  </datafield>
  <datafield tag="246" ind1="3" ind2="0">
    <subfield code="6">880-03</subfield>
    <subfield code="a">Muqaddimat Ibn al-Ṣalāḥ</subfield>
  </datafield>
  <datafield tag="250" ind1=" " ind2=" ">
    <subfield code="6">880-04</subfield>
    <subfield code="a">al-Ṭab‘ah al-ūlá.</subfield>
  </datafield>
  <datafield tag="264" ind1=" " ind2="1">
    <subfield code="6">880-05</subfield>
    <subfield code="a">Ḥalab :</subfield>
    <subfield code="b">al-Maṭba‘ah al-‘Ilmīyah,</subfield>
    <subfield code="c">1350 H. = 1931 M.</subfield>
  </datafield>
  <datafield tag="300" ind1=" " ind2=" ">
    <subfield code="6">880-06</subfield>
    <subfield code="a">431 pages ;</subfield>
    <subfield code="c">29 cm</subfield>
  </datafield>
  <datafield tag="336" ind1=" " ind2=" ">
    <subfield code="a">text</subfield>
    <subfield code="b">txt</subfield>
    <subfield code="2">rdacontent</subfield>
  </datafield>
  <datafield tag="337" ind1=" " ind2=" ">
    <subfield code="a">unmediated</subfield>
    <subfield code="b">n</subfield>
    <subfield code="2">rdamedia</subfield>
  </datafield>
  <datafield tag="338" ind1=" " ind2=" ">
    <subfield code="a">volume</subfield>
    <subfield code="b">nc</subfield>
    <subfield code="2">rdacarrier</subfield>
  </datafield>
  <datafield tag="500" ind1=" " ind2=" ">
    <subfield code="a">"طبعها وصححها محمد راغب الطباخ، مؤلف التاريخ الكبير (أعلام النبلاء بتاريخ حلي الشهباء)"</subfield>
  </datafield>
  <datafield tag="650" ind1=" " ind2="4">
    <subfield code="a">الحديث</subfield>
    <subfield code="v">اعمال قديمة حتى 1800.</subfield>
  </datafield>
  <datafield tag="650" ind1=" " ind2="4">
    <subfield code="a">الحديث</subfield>
    <subfield code="v">مصطلحات</subfield>
    <subfield code="v">اعمال قديمة حتى 1800.</subfield>
  </datafield>
  <datafield tag="650" ind1=" " ind2="4">
    <subfield code="a">الحديث</subfield>
    <subfield code="x">إسناد</subfield>
    <subfield code="v">اعمال قديمة حتى 1800.</subfield>
  </datafield>
  <datafield tag="650" ind1=" " ind2="0">
    <subfield code="a">Hadith</subfield>
    <subfield code="v">Early works to 1800.</subfield>
  </datafield>
  <datafield tag="650" ind1=" " ind2="0">
    <subfield code="a">Hadith</subfield>
    <subfield code="v">Terminology</subfield>
    <subfield code="v">Early works to 1800.</subfield>
  </datafield>
  <datafield tag="650" ind1=" " ind2="0">
    <subfield code="a">Hadith</subfield>
    <subfield code="x">Evidences, authority, etc.</subfield>
    <subfield code="v">Early works to 1800.</subfield>
  </datafield>
  <datafield tag="700" ind1="1" ind2=" ">
    <subfield code="6">880-07</subfield>
    <subfield code="a">ʻIrāqī, ʻAbd al-Raḥīm ibn al-Ḥusayn,</subfield>
    <subfield code="d">1325-1404.</subfield>
    <subfield code="t">Taqyīd wa-al-īḍāh.</subfield>
  </datafield>
  <datafield tag="700" ind1="1" ind2=" ">
    <subfield code="6">880-08</subfield>
    <subfield code="a">Ṭabbākh, Muḥammad Rāghib,</subfield>
    <subfield code="d">1877-1951.</subfield>
    <subfield code="t">Miṣbāḥ ʻalá Muqaddimat Ibn al-Ṣalāḥ.</subfield>
  </datafield>
  <datafield tag="700" ind1="1" ind2=" ">
    <subfield code="6">880-09</subfield>
    <subfield code="a">Ṭabbākh, Muḥammad Rāghib,</subfield>
    <subfield code="d">1877-1951,</subfield>
    <subfield code="e">corrector.</subfield>
  </datafield>
  <datafield tag="852" ind1=" " ind2=" ">
    <subfield code="a">Jafet Library</subfield>
    <subfield code="e">American University of Beirut, Bliss Street , Beirut, Lebanon.</subfield>
  </datafield>
  <datafield tag="880" ind1="1" ind2=" ">
    <subfield code="6">100-01/(3/r</subfield>
    <subfield code="a">ابن الصلاح الشهرزوري، عثمان بن عبد الرحمن،</subfield>
    <subfield code="d">1181 او 1182-1245،</subfield>
    <subfield code="e">مؤلف. </subfield>
    <subfield code="4">aut.</subfield>
  </datafield>
  <datafield tag="880" ind1="1" ind2="0">
    <subfield code="6">245-02/(3/r</subfield>
    <subfield code="a">علوم الحديث :</subfield>
    <subfield code="b">المعروف بمقدمة إبن الصلاح /</subfield>
    <subfield code="c">للإمام الحافظ أبي عمرو عثمان بن عبد الرحمن المشهور بإبن الصلاح المتوفى سنة 643. وشرحه التقييد والإيضاح لما أطلق وأغلق من مقدمة إبن الصلاح / لشيخ الإسلام الحافظ زين الدين عبد الرحيم بن الحسين العراقي المتوفى سنة 806 . وتعليقات عليه في الذيل لناشر الكتابين محمد راغب الطباخ الحلبي عفىى عنه سماها المصباح على مقدمة إبن الصلاح.</subfield>
  </datafield>
  <datafield tag="880" ind1="3" ind2="0">
    <subfield code="6">246-03/(3/r</subfield>
    <subfield code="a">مقدمة إبن الصلاح</subfield>
  </datafield>
  <datafield tag="880" ind1=" " ind2=" ">
    <subfield code="6">250-04/(3/r</subfield>
    <subfield code="a">الطبعة الأولى.</subfield>
  </datafield>
  <datafield tag="880" ind1=" " ind2="1">
    <subfield code="6">264-05/(3/r</subfield>
    <subfield code="a">حلب :</subfield>
    <subfield code="b">المطبعة العلمية،</subfield>
    <subfield code="c">1350 هـ. = 1931 م.</subfield>
  </datafield>
  <datafield tag="880" ind1=" " ind2=" ">
    <subfield code="6">300-06/(3/r</subfield>
    <subfield code="a">431 صفحة ؛</subfield>
    <subfield code="c">29 سم</subfield>
  </datafield>
  <datafield tag="880" ind1="1" ind2=" ">
    <subfield code="6">700-07/(3/r</subfield>
    <subfield code="a">العراقي، عبد الرحيم بن الحسين،</subfield>
    <subfield code="d">1325-1404.</subfield>
    <subfield code="t">التقييد والايضاح.</subfield>
  </datafield>
  <datafield tag="880" ind1="1" ind2=" ">
    <subfield code="6">700-08/(3/r</subfield>
    <subfield code="a">الطباخ، محمد راغب،</subfield>
    <subfield code="d">1877-1951.</subfield>
    <subfield code="t">المصباح على مقدمة إبن الصلاح.</subfield>
  </datafield>
  <datafield tag="880" ind1="1" ind2=" ">
    <subfield code="6">700-09/(3/r</subfield>
    <subfield code="a">الطباخ، محمد راغب،</subfield>
    <subfield code="d">1877-1951،</subfield>
    <subfield code="e">مصحح. </subfield>
    <subfield code="4">crr.</subfield>
  </datafield>
  <datafield tag="907" ind1=" " ind2=" ">
    <subfield code="a">.b12344436</subfield>
    <subfield code="b">16-10-18</subfield>
    <subfield code="c">11-05-24</subfield>
  </datafield>
  <datafield tag="907" ind1=" " ind2=" ">
    <subfield code="a">.b12344436</subfield>
    <subfield code="b">15-10-15</subfield>
    <subfield code="c">11-05-24</subfield>
  </datafield>
  <datafield tag="945" ind1=" " ind2=" ">
    <subfield code="f">J</subfield>
    <subfield code="a">297.124:I159uA:1931:c.1</subfield>
    <subfield code="g">1</subfield>
    <subfield code="i">01005292</subfield>
    <subfield code="j">.i12786561</subfield>
    <subfield code="l">u0503</subfield>
  </datafield>
  <datafield tag="998" ind1=" " ind2=" ">
    <subfield code="a">u05</subfield>
    <subfield code="b">97-02-11</subfield>
    <subfield code="c">m</subfield>
    <subfield code="d">a</subfield>
    <subfield code="e">-</subfield>
    <subfield code="f">ara</subfield>
    <subfield code="g">sy </subfield>
    <subfield code="h">0</subfield>
    <subfield code="i">1</subfield>
  </datafield>
</record>
</collection>
